%YAML 1.1
%TAG !u! tag:unity3d.com,2011:
--- !u!1 &2275917844536300804
GameObject:
  m_ObjectHideFlags: 0
  m_CorrespondingSourceObject: {fileID: 0}
  m_PrefabInstance: {fileID: 0}
  m_PrefabAsset: {fileID: 0}
  serializedVersion: 6
  m_Component:
  - component: {fileID: 3324631112731196749}
  - component: {fileID: 5860135752052599408}
  - component: {fileID: 4146836666585669651}
  - component: {fileID: 9182027024759260057}
  m_Layer: 0
  m_Name: holoMars
  m_TagString: Untagged
  m_Icon: {fileID: 0}
  m_NavMeshLayer: 0
  m_StaticEditorFlags: 0
  m_IsActive: 1
--- !u!4 &3324631112731196749
Transform:
  m_ObjectHideFlags: 0
  m_CorrespondingSourceObject: {fileID: 0}
  m_PrefabInstance: {fileID: 0}
  m_PrefabAsset: {fileID: 0}
  m_GameObject: {fileID: 2275917844536300804}
  m_LocalRotation: {x: 0.0025517186, y: 0.0006504665, z: -0.000580916, w: 0.99999636}
  m_LocalPosition: {x: 0, y: 0.18, z: 0.001}
  m_LocalScale: {x: 0.13267064, y: 0.13267061, z: 0.13267064}
  m_Children: []
  m_Father: {fileID: 2878076744232466272}
  m_RootOrder: 2
  m_LocalEulerAnglesHint: {x: 0, y: 0, z: 0}
--- !u!33 &5860135752052599408
MeshFilter:
  m_ObjectHideFlags: 0
  m_CorrespondingSourceObject: {fileID: 0}
  m_PrefabInstance: {fileID: 0}
  m_PrefabAsset: {fileID: 0}
  m_GameObject: {fileID: 2275917844536300804}
  m_Mesh: {fileID: 10207, guid: 0000000000000000e000000000000000, type: 0}
--- !u!23 &4146836666585669651
MeshRenderer:
  m_ObjectHideFlags: 0
  m_CorrespondingSourceObject: {fileID: 0}
  m_PrefabInstance: {fileID: 0}
  m_PrefabAsset: {fileID: 0}
  m_GameObject: {fileID: 2275917844536300804}
  m_Enabled: 1
  m_CastShadows: 1
  m_ReceiveShadows: 1
  m_DynamicOccludee: 1
  m_MotionVectors: 1
  m_LightProbeUsage: 1
  m_ReflectionProbeUsage: 1
  m_RayTracingMode: 2
  m_RayTraceProcedural: 0
  m_RenderingLayerMask: 1
  m_RendererPriority: 0
  m_Materials:
  - {fileID: 2100000, guid: 26e4c491eb629e84ca94faf7a23ad34f, type: 2}
  m_StaticBatchInfo:
    firstSubMesh: 0
    subMeshCount: 0
  m_StaticBatchRoot: {fileID: 0}
  m_ProbeAnchor: {fileID: 0}
  m_LightProbeVolumeOverride: {fileID: 0}
  m_ScaleInLightmap: 1
  m_ReceiveGI: 1
  m_PreserveUVs: 0
  m_IgnoreNormalsForChartDetection: 0
  m_ImportantGI: 0
  m_StitchLightmapSeams: 1
  m_SelectedEditorRenderState: 3
  m_MinimumChartSize: 4
  m_AutoUVMaxDistance: 0.5
  m_AutoUVMaxAngle: 89
  m_LightmapParameters: {fileID: 0}
  m_SortingLayerID: 0
  m_SortingLayer: 0
  m_SortingOrder: 0
  m_AdditionalVertexStreams: {fileID: 0}
--- !u!135 &9182027024759260057
SphereCollider:
  m_ObjectHideFlags: 0
  m_CorrespondingSourceObject: {fileID: 0}
  m_PrefabInstance: {fileID: 0}
  m_PrefabAsset: {fileID: 0}
  m_GameObject: {fileID: 2275917844536300804}
  m_Material: {fileID: 0}
  m_IsTrigger: 0
  m_Enabled: 1
  serializedVersion: 2
  m_Radius: 0.5
  m_Center: {x: 0, y: 0, z: 0}
--- !u!1 &3223217375876328922
GameObject:
  m_ObjectHideFlags: 0
  m_CorrespondingSourceObject: {fileID: 0}
  m_PrefabInstance: {fileID: 0}
  m_PrefabAsset: {fileID: 0}
  serializedVersion: 6
  m_Component:
  - component: {fileID: 2878076744232466272}
  - component: {fileID: 1179696921796081861}
  - component: {fileID: 4016040233280080911}
  - component: {fileID: 8811123170505636957}
  - component: {fileID: 258934380732432292}
  m_Layer: 0
  m_Name: controlRoomDesk
  m_TagString: Untagged
  m_Icon: {fileID: 0}
  m_NavMeshLayer: 0
  m_StaticEditorFlags: 4294967295
  m_IsActive: 1
--- !u!4 &2878076744232466272
Transform:
  m_ObjectHideFlags: 0
  m_CorrespondingSourceObject: {fileID: 0}
  m_PrefabInstance: {fileID: 0}
  m_PrefabAsset: {fileID: 0}
  m_GameObject: {fileID: 3223217375876328922}
  m_LocalRotation: {x: 0, y: 0, z: 0, w: 1}
  m_LocalPosition: {x: 0.297, y: 0.163, z: 0.739}
  m_LocalScale: {x: 1.5, y: 1.5, z: 1.5}
  m_Children:
  - {fileID: 2716923331580437925}
  - {fileID: 7011903485227699689}
  - {fileID: 3324631112731196749}
  m_Father: {fileID: 0}
  m_RootOrder: 0
  m_LocalEulerAnglesHint: {x: 0, y: 0, z: 0}
--- !u!33 &1179696921796081861
MeshFilter:
  m_ObjectHideFlags: 0
  m_CorrespondingSourceObject: {fileID: 0}
  m_PrefabInstance: {fileID: 0}
  m_PrefabAsset: {fileID: 0}
  m_GameObject: {fileID: 3223217375876328922}
  m_Mesh: {fileID: 4629929001153789590, guid: 8b91979a354518f4abe33c002f132573, type: 3}
--- !u!23 &4016040233280080911
MeshRenderer:
  m_ObjectHideFlags: 0
  m_CorrespondingSourceObject: {fileID: 0}
  m_PrefabInstance: {fileID: 0}
  m_PrefabAsset: {fileID: 0}
  m_GameObject: {fileID: 3223217375876328922}
  m_Enabled: 1
  m_CastShadows: 1
  m_ReceiveShadows: 1
  m_DynamicOccludee: 1
  m_MotionVectors: 1
  m_LightProbeUsage: 1
  m_ReflectionProbeUsage: 1
  m_RayTracingMode: 2
  m_RayTraceProcedural: 0
  m_RenderingLayerMask: 1
  m_RendererPriority: 0
  m_Materials:
  - {fileID: 2100000, guid: ac12a46328bb5e04490357c48f81dd06, type: 2}
  m_StaticBatchInfo:
    firstSubMesh: 0
    subMeshCount: 0
  m_StaticBatchRoot: {fileID: 0}
  m_ProbeAnchor: {fileID: 0}
  m_LightProbeVolumeOverride: {fileID: 0}
  m_ScaleInLightmap: 1
  m_ReceiveGI: 1
  m_PreserveUVs: 0
  m_IgnoreNormalsForChartDetection: 0
  m_ImportantGI: 0
  m_StitchLightmapSeams: 1
  m_SelectedEditorRenderState: 3
  m_MinimumChartSize: 4
  m_AutoUVMaxDistance: 0.5
  m_AutoUVMaxAngle: 89
  m_LightmapParameters: {fileID: 0}
  m_SortingLayerID: 0
  m_SortingLayer: 0
  m_SortingOrder: 0
  m_AdditionalVertexStreams: {fileID: 0}
--- !u!65 &8811123170505636957
BoxCollider:
  m_ObjectHideFlags: 0
  m_CorrespondingSourceObject: {fileID: 0}
  m_PrefabInstance: {fileID: 0}
  m_PrefabAsset: {fileID: 0}
  m_GameObject: {fileID: 3223217375876328922}
  m_Material: {fileID: 0}
  m_IsTrigger: 0
  m_Enabled: 1
  serializedVersion: 2
  m_Size: {x: 0.3, y: 0.15, z: 0.2}
  m_Center: {x: 0, y: 0.005906306, z: -0.00049880147}
--- !u!54 &258934380732432292
Rigidbody:
  m_ObjectHideFlags: 0
  m_CorrespondingSourceObject: {fileID: 0}
  m_PrefabInstance: {fileID: 0}
  m_PrefabAsset: {fileID: 0}
  m_GameObject: {fileID: 3223217375876328922}
  serializedVersion: 2
  m_Mass: 1
  m_Drag: 0
  m_AngularDrag: 0.05
  m_UseGravity: 0
  m_IsKinematic: 0
  m_Interpolate: 0
  m_Constraints: 126
  m_CollisionDetection: 0
--- !u!1001 &4887235581403705508
PrefabInstance:
  m_ObjectHideFlags: 0
  serializedVersion: 2
  m_Modification:
    m_TransformParent: {fileID: 2878076744232466272}
    m_Modifications:
    - target: {fileID: 7378727692937794817, guid: 19506ccbad342d34ba872961cd41d378, type: 3}
      propertyPath: m_RootOrder
      value: 0
      objectReference: {fileID: 0}
    - target: {fileID: 7378727692937794817, guid: 19506ccbad342d34ba872961cd41d378, type: 3}
      propertyPath: m_LocalPosition.x
      value: -0
      objectReference: {fileID: 0}
    - target: {fileID: 7378727692937794817, guid: 19506ccbad342d34ba872961cd41d378, type: 3}
      propertyPath: m_LocalPosition.y
      value: 0.061
      objectReference: {fileID: 0}
    - target: {fileID: 7378727692937794817, guid: 19506ccbad342d34ba872961cd41d378, type: 3}
      propertyPath: m_LocalPosition.z
      value: 0
      objectReference: {fileID: 0}
    - target: {fileID: 7378727692937794817, guid: 19506ccbad342d34ba872961cd41d378, type: 3}
      propertyPath: m_LocalRotation.w
      value: 1
      objectReference: {fileID: 0}
    - target: {fileID: 7378727692937794817, guid: 19506ccbad342d34ba872961cd41d378, type: 3}
      propertyPath: m_LocalRotation.x
      value: 0
      objectReference: {fileID: 0}
    - target: {fileID: 7378727692937794817, guid: 19506ccbad342d34ba872961cd41d378, type: 3}
      propertyPath: m_LocalRotation.y
      value: -0
      objectReference: {fileID: 0}
    - target: {fileID: 7378727692937794817, guid: 19506ccbad342d34ba872961cd41d378, type: 3}
      propertyPath: m_LocalRotation.z
      value: -0
      objectReference: {fileID: 0}
    - target: {fileID: 7378727692937794817, guid: 19506ccbad342d34ba872961cd41d378, type: 3}
      propertyPath: m_LocalEulerAnglesHint.x
      value: 0
      objectReference: {fileID: 0}
    - target: {fileID: 7378727692937794817, guid: 19506ccbad342d34ba872961cd41d378, type: 3}
      propertyPath: m_LocalEulerAnglesHint.y
      value: 0
      objectReference: {fileID: 0}
    - target: {fileID: 7378727692937794817, guid: 19506ccbad342d34ba872961cd41d378, type: 3}
      propertyPath: m_LocalEulerAnglesHint.z
      value: 0
      objectReference: {fileID: 0}
    - target: {fileID: 7867033264208564155, guid: 19506ccbad342d34ba872961cd41d378, type: 3}
      propertyPath: m_Name
      value: hologramBase
      objectReference: {fileID: 0}
    m_RemovedComponents: []
  m_SourcePrefab: {fileID: 100100000, guid: 19506ccbad342d34ba872961cd41d378, type: 3}
--- !u!4 &2716923331580437925 stripped
Transform:
  m_CorrespondingSourceObject: {fileID: 7378727692937794817, guid: 19506ccbad342d34ba872961cd41d378, type: 3}
  m_PrefabInstance: {fileID: 4887235581403705508}
  m_PrefabAsset: {fileID: 0}
--- !u!1001 &8846495663711932184
PrefabInstance:
  m_ObjectHideFlags: 0
  serializedVersion: 2
  m_Modification:
    m_TransformParent: {fileID: 2878076744232466272}
    m_Modifications:
    - target: {fileID: 847086995671398814, guid: deeebcf80a0229f49ae3d9164241115e, type: 3}
      propertyPath: m_Materials.Array.data[0]
      value: 
      objectReference: {fileID: 2100000, guid: fda79f11dfb098e4aac327faed52b126, type: 2}
    - target: {fileID: 1207397161876527179, guid: deeebcf80a0229f49ae3d9164241115e, type: 3}
      propertyPath: m_Name
      value: hologramCone
      objectReference: {fileID: 0}
    - target: {fileID: 1984497536534528753, guid: deeebcf80a0229f49ae3d9164241115e, type: 3}
      propertyPath: m_RootOrder
      value: 1
      objectReference: {fileID: 0}
    - target: {fileID: 1984497536534528753, guid: deeebcf80a0229f49ae3d9164241115e, type: 3}
      propertyPath: m_LocalScale.x
      value: -513.91675
      objectReference: {fileID: 0}
    - target: {fileID: 1984497536534528753, guid: deeebcf80a0229f49ae3d9164241115e, type: 3}
      propertyPath: m_LocalScale.y
      value: -476.4907
      objectReference: {fileID: 0}
    - target: {fileID: 1984497536534528753, guid: deeebcf80a0229f49ae3d9164241115e, type: 3}
      propertyPath: m_LocalScale.z
      value: -493.19803
      objectReference: {fileID: 0}
    - target: {fileID: 1984497536534528753, guid: deeebcf80a0229f49ae3d9164241115e, type: 3}
      propertyPath: m_LocalPosition.x
      value: 0
      objectReference: {fileID: 0}
    - target: {fileID: 1984497536534528753, guid: deeebcf80a0229f49ae3d9164241115e, type: 3}
      propertyPath: m_LocalPosition.y
      value: 0.137
      objectReference: {fileID: 0}
    - target: {fileID: 1984497536534528753, guid: deeebcf80a0229f49ae3d9164241115e, type: 3}
      propertyPath: m_LocalPosition.z
      value: 0
      objectReference: {fileID: 0}
    - target: {fileID: 1984497536534528753, guid: deeebcf80a0229f49ae3d9164241115e, type: 3}
      propertyPath: m_LocalRotation.w
      value: 0.7071069
      objectReference: {fileID: 0}
    - target: {fileID: 1984497536534528753, guid: deeebcf80a0229f49ae3d9164241115e, type: 3}
      propertyPath: m_LocalRotation.x
      value: -0.70710665
      objectReference: {fileID: 0}
    - target: {fileID: 1984497536534528753, guid: deeebcf80a0229f49ae3d9164241115e, type: 3}
      propertyPath: m_LocalRotation.y
      value: 0
      objectReference: {fileID: 0}
    - target: {fileID: 1984497536534528753, guid: deeebcf80a0229f49ae3d9164241115e, type: 3}
      propertyPath: m_LocalRotation.z
      value: -0
      objectReference: {fileID: 0}
    - target: {fileID: 1984497536534528753, guid: deeebcf80a0229f49ae3d9164241115e, type: 3}
      propertyPath: m_LocalEulerAnglesHint.x
      value: 0
      objectReference: {fileID: 0}
    - target: {fileID: 1984497536534528753, guid: deeebcf80a0229f49ae3d9164241115e, type: 3}
      propertyPath: m_LocalEulerAnglesHint.y
      value: 0
      objectReference: {fileID: 0}
    - target: {fileID: 1984497536534528753, guid: deeebcf80a0229f49ae3d9164241115e, type: 3}
      propertyPath: m_LocalEulerAnglesHint.z
      value: 0
      objectReference: {fileID: 0}
    m_RemovedComponents: []
  m_SourcePrefab: {fileID: 100100000, guid: deeebcf80a0229f49ae3d9164241115e, type: 3}
--- !u!4 &7011903485227699689 stripped
Transform:
  m_CorrespondingSourceObject: {fileID: 1984497536534528753, guid: deeebcf80a0229f49ae3d9164241115e, type: 3}
  m_PrefabInstance: {fileID: 8846495663711932184}
  m_PrefabAsset: {fileID: 0}
